@article{einstein,
    author =       "Albert Einstein",
    title =        "{Zur Elektrodynamik bewegter K{\"o}rper}. ({German})
        [{On} the electrodynamics of moving bodies]",
    journal =      "Annalen der Physik",
    volume =       "322",
    number =       "10",
    pages =        "891--921",
    year =         "1905",
    DOI =          "http://dx.doi.org/10.1002/andp.19053221004"
}
 
@book{latexcompanion,
    author    = "Michel Goossens and Frank Mittelbach and Alexander Samarin",
    title     = "The \LaTeX\ Companion",
    year      = "1993",
    publisher = "Addison-Wesley",
    address   = "Reading, Massachusetts"
}
 
@misc{knuth,
    author    = "Donald Knuth",
    title     = "Knuth: Computers and Typesetting",
    url       = "http://www-cs-faculty.stanford.edu/\~{}uno/abcde.html"
}

@article{adjointnessLawvere,
    author =       "F. William Lawvere",
    title =        "Adjointness in Foundations",
    journal =      "Reprints in Theory and Applications of Categories",
    number =       16,
    pages =        "1--16",
    year =         2006,
    url =          "http://www.tac.mta.ca/tac/reprints/articles/16/tr16.pdf"
}

@book{PML1980,
    author    = "Per Martin-LÃ¶f",
    title     = "Intuitionistic Type Theory",
    year      = "1980",
    publisher = "Notes by Giovanni Sambin of a series of lectures given in Padua, June 1980"
}